@article{fantzFranckCondonFactors2006,
  title = {Franck\textendash{{Condon}} Factors, Transition Probabilities, and Radiative Lifetimes for Hydrogen Molecules and Their Isotopomeres},
  author = {Fantz, U. and W{\"u}nderlich, D.},
  year = {2006},
  month = nov,
  volume = {92},
  pages = {853--973},
  journal = {Atomic Data and Nuclear Data Tables},
  language = {en},
  number = {6}
}

@article{quesadaFranckCondonFactorsCounting2019,
  title = {Franck-{{Condon}} Factors by Counting Perfect Matchings of Graphs with Loops},
  author = {Quesada, Nicol{\'a}s},
  year = {2019},
  month = apr,
  volume = {150},
  pages = {164113},
  archivePrefix = {arXiv},
  eprint = {1811.09597},
  eprinttype = {arxiv},
  journal = {J. Chem. Phys.},
  keywords = {Physics - Chemical Physics,Quantum Physics},
  language = {en},
  number = {16}
}

@article{wrightFranckCondonFactorsTheir1999,
  title = {Franck-{{Condon Factors}} and {{Their Use}} in {{Undergraduate Quantum Mechanics}}},
  author = {Wright, John C. and Zielinski, Theresa Julia},
  year = {1999},
  month = oct,
  volume = {76},
  pages = {1367},
  publisher = {{American Chemical Society}},
  journal = {J. Chem. Educ.},
  number = {10}
}